000809296 LDR   L -----nas-a22------i-4500
000809296 FMT   L SE
000809296 001   L 000809296
000809296 003   L CZ-PlERL
000809296 005   L 20191018093449.0
000809296 008   L 190724c19999999xr-ar-p-------------cze--
000809296 035   L $$a(OCoLC)85148303
000809296 040   L $$aPNA001$$bcze$$erda
000809296 0411  L $$acze$$aeng$$hcze
000809296 072 7 L $$a61$$xLékařské vědy. Lékařství$$2Konspekt$$914
000809296 080   L $$a61:001.891$$2MRF
000809296 080   L $$a001.32$$2MRF
000809296 080   L $$a614.2:005.71$$2MRF
000809296 080   L $$a(437.10)$$2MRF
000809296 080   L $$a(058)$$2MRF
000809296 1102  L $$aInstitut klinické a experimentální medicíny$$7kn20010711147$$4aut$$4pbl
000809296 24010 L $$aVýroční zpráva (Institut klinické a experimentální medicíny)$$7kon2006374188
000809296 24510 L $$aIKEM :$$bvýroční zpráva ...
000809296 24630 L $$aIK+EM
000809296 24630 L $$aVýroční zpráva IKEM
000809296 24631 L $$aIKEM - annual report
000809296 264 1 L $$aPraha :$$bIKEM,$$c[1999?]-
000809296 26431 L $$32009-$$aPraha :$$bMedical Tribune CZ, s.r.o.
000809296 300   L $$a^^^svazků :$$bbarevné ilustrace ;$$c30 cm
000809296 310   L $$a1x ročně
000809296 336   L $$atext$$btxt$$2rdacontent
000809296 337   L $$abez média$$bn$$2rdamedia
000809296 338   L $$asvazek$$bnc$$2rdacarrier
000809296 500   L $$aNázev z obálky
000809296 500   L $$aSoučástí podnázvu je označení běžného roku
000809296 500   L $$aOd ročníku 2006 rozměr: 21 x 29 cm
000809296 500   L $$aNěkteré svazky mají ISBN
000809296 546   L $$aČástečně souběžný anglický text, od ročníku 2016 vychází anglická verze samostatně
000809296 588   L $$aPopsáno podle: 2018$$5CZ-PlERL
000809296 61027 L $$aInstitut klinické a experimentální medicíny$$7kn20010711147$$2czenas
000809296 65007 L $$alékařský výzkum$$7ph122514$$zČesko$$2czenas
000809296 65007 L $$avýzkumné ústavy$$7ph127482$$zČesko$$2czenas
000809296 65007 L $$azdravotnická zařízení$$7ph116744$$zČesko$$2czenas
000809296 651 7 L $$aPraha (Česko)$$7ge118011$$2czenas
000809296 655 7 L $$aročenky$$2czenas$$7fd133307
000809296 78501 L $$sVýroční zpráva (Institut klinické a experimentální medicíny). Anglicky
000809296 85641 L $$3Online verze$$uhttp://www.ikem.cz/cs/o-nas/vyrocni-zpravy/a-18/$$4N
000809296 902   L $$a978-80-87135-94-5$$q(2018 ;$$qbrožováno)
000809296 910   L $$aPNA001$$b392A48568$$s2018-$$o2019
000245708 LDR   L -----nam-a22------a-4500
