000245708 FMT   L BK
000245708 001   L 000245708
000245708 003   L CZ-PlERL
000245708 005   L 20020515000000.0
000245708 008   L 020515s1974----cs------------------cze--
000245708 040   L $$aPNA001$$bcze
000245708 080   L $$a930.2$$2MRF-sel
000245708 080   L $$a(437.31)$$2MRF-sel
000245708 080   L $$a821.162.3$$2MRF-sel
000245708 080   L $$a82-32$$2MRF-sel
000245708 1001  L $$aSklenář, Karel,$$d1938-$$7jk01111527$$4aut
000245708 24510 L $$aUčenci a pohané :$$bpětadvacet příběhů z dějin české archeologie /$$cKarel Sklenář ; ilustrace Eliška Sklenářová
000245708 250   L $$a1. vyd.
000245708 260   L $$aPraha :$$bMladá fronta,$$c1974$$f(Mír 6)
000245708 300   L $$a339, [7] s. :$$b[32] s. fot. příl. ;$$c8
000245708 4901  L $$aKolumbus ;$$vsv. 68
000245708 500   L $$a18000 výt.
000245708 500   L $$aOdkazy na lit.
000245708 500   L $$aZkr.
000245708 500   L $$aHistorické tb.
000245708 500   L $$aS fot. a mp. v textu
000245708 500   L $$aIl. tit. list a předsádka
000245708 5202  L $$aŘada příběhů a obrázků z minulosti české archeologie sleduje vývoj poznání nejstarších dějin od starožitnictví a sběratelství až po vytvoření moderní prehistorie. Příběhy vyprávějí o lidech, kteří nezištně věnovali svůj čas,peníze a mnohdy i zdraví hledání a zkoumání archeologických památek, a o nalezištích, spojených s jejich prací. Knížka nepodává celé dějiny české archeologie, ale snaží se alespoň zkratkovitě zachytit její hlavní vývojové fáze.
000245708 6530  L $$aarcheologie$$ačeská archeologie$$adějiny
000245708 7001  L $$aSklenářová, Eliška$$7pag2007388152$$4ill
000245708 830 0 L $$aKolumbus
000245708 910   L $$aPNA001$$b192998
000245708 964   L $$aArcheologie česká - dějiny - vyprávění
000245708 962   L $$a930.26(437.1):885-32
000623615 LDR   L -----njm-a22------a-4500
