000623615 FMT   L AM
000623615 001   L 000623615
000623615 003   L CZ-PlERL
000623615 005   L 20130523165647.0
000623615 008   L 130523s1964----xr-----e------------cze--
000623615 02800 L $$aDV 6004$$bSupraphon
000623615 040   L $$aPNA001$$bcze
000623615 080   L $$a(086.72)$$2MRF
000623615 080   L $$a78.03$$2MRF
000623615 080   L $$a78.034.7$$2MRF
000623615 080   L $$a78.082.2$$2MRF
000623615 24500 L $$aFrancouzská barokní hudba$$h[zvukový záznam]
000623615 260   L $$aPraha :$$bSupraphon,$$cp1964
000623615 300   L $$a1 zvuková deska :$$banalog, 33 ot/min, stereo
000623615 500   L $$aGramofonová deska
000623615 50500 L $$tParnas aneb Apoteóza Corelliho /$$rFrançois Couperin --$$tI. koncert z Piéces de clavecin en concert pro flétnu, violoncello a cembalo /$$rJean Philippe Rameau --$$tTriová sonáta G moll "Astrée" pro flétnu, hoboj, violoncello a cembalo /$$rFrançois Couperin --$$tV. koncert z Piéces de clavecin en concert pro flétnu, violoncello a cembalo /$$rJean Philippe Rameau
000623615 5110  L $$aMilan Munclinger, flétna ; Stanislav duchoň, hoboj ; Václav Snítil, housle ; František Sláma, violoncello ; Viktorie Švihlíková, cembalo
000623615 5110  L $$aArs rediviva
000623615 6530  L $$abarokní hudba$$avážná hudba$$aklasická hudba$$akoncerty$$asonáty$$aflétny$$ahoboje$$ahousle$$avioloncella$$acembala$$afrancouzští hudební skladatelé
000623615 7001  L $$aCouperin, François,$$d1668-1733$$7jn20000601212$$4cmp
000623615 7001  L $$aRameau, Jean Philippe,$$d1683-1764$$7jn19990006819$$4cmp
000623615 7001  L $$aMunclinger, Milan,$$d1923-1986$$7jz8600673$$4itr
000623615 7001  L $$aDuchoň, Stanislav,$$d1927-$$7xx0111253$$4itr
000623615 7001  L $$aSnítil, Václav,$$d1928-2015$$7jn19990209781$$4itr
000623615 7001  L $$aSláma, František,$$d1923-2004$$7jn19990209770$$4itr
000623615 7001  L $$aŠvihlíková, Viktorie,$$d1915-2010$$7jk01131950$$4itr
000623615 910   L $$aPNA001$$b41A2255
000668496 LDR   L -----ngm-a22------a-4500
