000668496 FMT   L VM
000668496 001   L 000668496
000668496 003   L CZ-PlERL
000668496 005   L 20140915094551.0
000668496 008   L 140729p20102009xxu----e------------eng--
000668496 02841 L $$a4529$$bVideo Artists International
000668496 040   L $$aPNA001$$bcze
000668496 072 7 L $$a785$$xInstrumentální hudba. Symfonická hudba. Hudba pro více nástrojů$$2Konspekt$$99
000668496 080   L $$a787.1.082.2$$2MRF
000668496 080   L $$a(0.034.44)$$2MRF
000668496 1001  L $$aHaendel, Ida,$$d1928-$$7xx0020900$$4itr
000668496 24510 L $$aLive in recital 2009$$h[videozáznam] :$$bAmaturo Theater, November 28, 2009 : Miami International Piano Festival presents Ida Haendel violin and Misha Dacić piano
000668496 2463  L $$aIda Haendel and Misha Dacić
000668496 24630 L $$aMiami International Piano Festival presents Ida Haendel & Misha Dacić Live in recital 2009
000668496 24630 L $$aMiami International Piano Festival presents Ida Haendel and Misha Dacić Live in recital 2009
000668496 24614 L $$aIda Haendel & Misha Dacić
000668496 260   L $$aPleasantville :$$bVideo Artists International,$$cc2010
000668496 300   L $$a1 DVD-video (66+59 min) :$$bzvuk., barev. +$$e1 leták
000668496 500   L $$aZvuk Stereo ; formát obrazu 4:3 (Recitál), 16:9 Widescreen (Bonus) ; region 0
000668496 5050  L $$aSonata for violin and piano no. 2 in D minor, op. 121 / Schumann -- Sonata for violin and piano no. 3. in A minor, op. 25 "dans le caractere roumain" / Enescu -- Zigeunerweisen ("Gypsy Airs"), op. 20, no. 1 / Sarasate (66 min) -- Bonus: Ida Haendel in conversation with Giselle Brodsky, founder and artistic director of the Miami International Piano Festival (59 min)
000668496 5110  L $$aIda Haendel, housle ; Misha Dacić, klavír
000668496 518   L $$aNatočeno 28. listopadu 2009, Amaturo Theater, Broward Center for the Performing Arts Ft. Lauderdale, Florida
000668496 61127 L $$aMiami International Piano Festival$$7pna2014837736$$2czenas
000668496 65007 L $$asonáty (housle, klavír)$$7ph452687$$2czenas
000668496 655 7 L $$aDVD$$2czenas$$7fd186912
000668496 7001  L $$aDacić, Miša,$$d1978-$$7pna2014837742$$4itr
000668496 70012 L $$aSchumann, Robert,$$d1810-1856.$$tSonáty,$$mhousle, klavír,$$nč. 2, op. 121,$$rd moll$$7aun2012733117
000668496 70012 L $$aEnescu, George,$$d1881-1955.$$tSonáty,$$mhousle, klavír,$$nč. 3, op. 25,$$ra moll
000668496 70012 L $$aSarasate, Pablo,$$d1844-1908.$$tZigeunerweisen$$7aun2009494474
000668496 7112  L $$aMiami International Piano Festival$$7pna2014837736
000668496 74002 L $$aDans le caractere populaire roumain
000668496 910   L $$aPNA001$$b54A1854
000783614 LDR   L -----nam-a22-----1a-4500
