000783614 FMT   L BK
000783614 001   L 000783614
000783614 003   L CZ-PlERL
000783614 005   L 20181005090128.0
000783614 008   L 180517s1974----xr-----e------------cze--
000783614 015   L $$acnb000145274
000783614 035   L $$a(OCoLC)6041057
000783614 040   L $$aPNA001$$bcze
000783614 080   L $$a910.4:796.52$$2MRF
000783614 080   L $$a(549.1)$$2MRF
000783614 080   L $$a(0:82-992)$$2MRF
000783614 1001  L $$aŠedivý, Vladimír,$$d1923-$$7jk01122685$$4aut
000783614 24510 L $$aK vrcholu Tirič Míru /$$cVladimír Šedivý
000783614 250   L $$a1. vyd.
000783614 260   L $$aPraha :$$bOrbis,$$c1974$$f(ST 1)
000783614 300   L $$a155 s., [48] s. obr. příl. :$$bil. (některé barev.), mapy, portréty ;$$c21 cm
000783614 4901  L $$aCesty
000783614 500   L $$a15000 výt.
000783614 6530  L $$aHindúkuš$$ahorolezecké výstupy$$ahorolezecké expedice$$ahorolezectví
000783614 655 7 L $$acestopisy$$7fd131956$$2czenas
000783614 830 0 L $$aCesty (Orbis)
000783614 910   L $$aPNA001$$b194251$$kr-dod
000783614 9751  L $$aHeckel, Vilém,$$d1918-1970$$7jz6700594$$4pht
000796558 LDR   L -----nam-a22------i-4500
