000796558 FMT   L BK
000796558 001   L 000796558
000796558 003   L CZ-PlERL
000796558 005   L 20190219075333.0
000796558 008   L 190107s2011----xr-----e------------cze--
000796558 015   L $$acnb002267815
000796558 020   L $$a978-80-7229-280-6$$q(vázáno)
000796558 035   L $$a(OCoLC)776516410
000796558 040   L $$aPNA001$$bcze$$erda
000796558 045   L $$aw3w6
000796558 072 7 L $$a821.162.3.09$$xČeská literatura (o ní)$$2Konspekt$$911
000796558 072 7 L $$a929$$xBiografie$$2Konspekt$$98
000796558 080   L $$a821.162.3-1-051$$2MRF
000796558 080   L $$a929$$2MRF
000796558 080   L $$a(092)$$2MRF
000796558 1001  L $$aDohnalová, Jana,$$d1975-$$7mzk2003200446$$4aut$$4ill
000796558 24510 L $$aVyprávění o chudém básníku něšťastné lásky :$$bVojtěch Bělohrobský /$$cJana Dohnalová
000796558 24630 L $$aVojtěch Bělohrobský
000796558 264 1 L $$a[Praha] :$$bPetrklíč,$$c2011
000796558 300   L $$a89 stran :$$bilustrace, portréty, faksimile ;$$c21 cm
000796558 336   L $$atext$$btxt$$2rdacontent
000796558 337   L $$abez média$$bn$$2rdamedia
000796558 338   L $$asvazek$$bnc$$2rdacarrier
000796558 500   L $$aTerminologický slovník
000796558 504   L $$aObsahuje bibliografii
000796558 60017 L $$aBělohrobský, Vojtěch M. V.,$$d1839-1869$$7jk01141934$$2czenas
000796558 648 7 L $$a19. století$$7ch460557$$2czenas
000796558 65007 L $$ačeští básníci$$7ph128168$$y19. století$$2czenas
000796558 655 7 L $$abiografie$$7fd131909$$2czenas
000796558 910   L $$aPNA001$$b31B88472
000796558 967   L $$aBlovice$$bPlzeň-jih$$ccz-cw
000803953 LDR   L -----nam-a22------i-4500
