000803953 FMT   L RP
000803953 001   L 000803953
000803953 003   L CZ-PlERL
000803953 005   L 20190424173120.0
000803953 008   L 190424s1525----sz-----e------------lat--
000803953 040   L $$aPNA001$$bcze$$erda
000803953 0411  L $$alat$$hgrc
000803953 072 7 L $$a094$$xStaré tisky$$2Konspekt$$912
000803953 072 7 L $$a27-1/-2$$xKřesťanská teologie. Dogmatická teologie$$2Konspekt$$95
000803953 1000  L $$aJan Zlatoústý,$$csvatý,$$dasi 347-407$$7jn20011024076$$4aut
000803953 24510 L $$aTOMVS QVINTVS OPERVM DIVI IOANNIS CHRYSOSTOMI EPISCOPI CONSTANTINOPOLITANI, CONTINENS Homilias XLV. De dignitate sacerdotali, siue Dialogorum, Lib. VI. De compunctione cordis, Lib. II. De prouidentia dei, Lib. III. Sermones XXXV. Quorum omnium argumenta comperies pagina sequenti. INCERTO INTERPRETE. ITEM De incomprehensibili dei natura, contra Anomaeos. Homilias V. Theodoro Gaza Thessalonicensi interprete. Ad Theodorum lapsum paraenesin priorem, Vel ut alii, de reparatione lapsi, librum unum. De eo quod dixit Apostolus: Vtinam tolerassetis paululum quiddam insipientiae meae, Homilia[m] Guolphango Fabritio Capitone interprete
000803953 264 1 L $$aAPVD INCLYTAM GERMANIAE BASILEAM :$$bIN AEDIBVS ANDREAE CRATANDRI,|$$c1525
000803953 300   L $$a181 listů ;$$c2° (34 cm)
000803953 336   L $$atext$$btxt$$2rdacontent
000803953 337   L $$abez média$$bn$$2rdamedia
000803953 338   L $$asvazek$$bnc$$2rdacarrier
000803953 500   L $$aÚdaje o místě, tiskaři a roku vydání v kolofonu na rubu listu 181
000803953 500   L $$aNa titulní straně signet (žena v okřídlených opáncích stojící na kouli [Fortuna?]) v kartuši, po stranách kartuše AND. CRAT.
000803953 500   L $$aDřevořezové iniciály
000803953 501   L $$aPřívazek 2. k: TOMUS TERTIVS CONTINET DIVI IOANNIS CHRYSOSTOMI EPISCOPI CONSTANTINOPOlitani de laudibus Sancti Pauli homilias VIII. ... APVD INCLYTAM GERMANIAE BASILEAM, 1525$$5CZ-PlERL
000803953 5104  L $$aVD16,$$cVD16 J 398
000803953 561   L $$aNa rubu titulní strany razítko Knihovna hist. musea v Plzni, též na listech končících číslem 15 a na líci listu 146$$5CZ-PlERL
000803953 591   L $$aPapír tisku nažloutlý až zhnědlý, místy zatekliny a plíseň při dolním okraji, červotoč$$5CZ-PlERL
000803953 63007 L $$aBible$$7unn2006374667$$2czenas
000803953 65007 L $$akřesťanská teologie$$7ph115064$$2czenas
000803953 65007 L $$arané křesťanství$$7ph125028$$2czenas
000803953 65007 L $$acírkevní otcové$$7ph114286$$2czenas
000803953 65007 L $$abiblická exegeze$$7ph118844$$2czenas
000803953 655 7 L $$akázání$$7fd131846$$2czenas
000803953 655 7 L $$astaré tisky$$7fd422076$$2czenas
000803953 7001  L $$aCratander, Andreas,$$d1490-1540$$7nlk20010094822$$4pbl$$4prt
000803953 7000  L $$aCapiton,$$d1478-1541$$7ola2014846033$$4trl$$4cwt
000803953 7001  L $$aGaza, Theodorus,$$dasi 1400-asi 1475$$7ola2004231461$$4trl$$4cwt
000803953 7870  L $$tOMNIA OPERA DIVI IOANNIS CHRYSOSTOMI, ARCHIEPISCOPI CONSTANTINOPOLITANI, QVAE AD HVNC VSQVE DIEM IN LVCEM AEDITA SVNT, IN SEPTEM TOMOS DIVISA, CVM SVIS INDICIBVS
000803953 852   L $$aCZ-PlERL$$j15C18
000803953 85641 L $$uhttp://mdz-nbn-resolving.de/urn:nbn:de:bvb:12-bsb10148213-5$$yDigitalizovaný dokument$$zBayerische Staatsbibliothek Digital
000803953 903   L $$aRP
000803953 910   L $$aPNA001$$b15C18
000803953 9822  L $$aMěstské historické museum (Plzeň, Česko)$$7pna2014850105$$4fmo$$6dřív. majitel$$5CZ-PlERL
000803953 984   L $$aBasilej$$bŠvýcarsko
000797573 LDR   L -----nam-a22------i-4500
