000797573 FMT   L BK
000797573 001   L 000797573
000797573 003   L CZ-PlERL
000797573 005   L 20190306070713.0
000797573 008   L 190122t20182018xr-----e------------cze--
000797573 020   L $$a978-80-7258-682-0$$q(brožováno)
000797573 040   L $$aPNA001$$bcze$$erda
000797573 043   L $$ae-xr---$$be-xr-pg$$2czenas
000797573 045   L $$ay1y2
000797573 072 7 L $$a792$$xDivadlo. Divadelní představení$$2Konspekt$$93
000797573 080   L $$a821.162.3-2$$2MRF
000797573 080   L $$a792.2$$2MRF
000797573 080   L $$a(437.3)$$2MRF
000797573 080   L $$a(437.311)$$2MRF
000797573 080   L $$a(083.97)$$2MRF
000797573 080   L $$a(0:82-2)$$2MRF
000797573 24500 L $$aRudolf Medek, Jiří Havelka, Marta Ljubková, Plukovník Švec
000797573 24630 L $$aPlukovník Švec
000797573 264 1 L $$aPraha :$$bNárodní divadlo,$$c[2018]
000797573 264 4 L $$c©2018
000797573 300   L $$a279 stran, 16 nečíslovaných stran obrazových příloh :$$bilustrace (některé barevné), portréty, faksimile ;$$c16 cm
000797573 336   L $$atext$$btxt$$2rdacontent
000797573 337   L $$abez média$$bn$$2rdamedia
000797573 338   L $$asvazek$$bnc$$2rdacarrier
000797573 500   L $$a"Premiéry: 25. a 26. října 2018 na Nové scéně"--Tiráž
000797573 500   L $$aNad názvem: Národní divadlo ; na obálce pod názvem: Činohra
000797573 5052  L $$aPlukovník Švec / Rudolf Medek
000797573 61027 L $$aNárodní divadlo v Praze.$$bNová scéna$$7mzk2010602291$$2czenas
000797573 648 7 L $$a20. století$$7ch460558$$2czenas
000797573 648 7 L $$a2011-2020$$7ch460589$$2czenas
000797573 65007 L $$ačeské drama$$7ph128137$$y20. století$$2czenas
000797573 65007 L $$ačinohry$$7ph128179$$zČesko$$y2011-2020$$2czenas
000797573 651 7 L $$aPraha (Česko)$$7ge118011$$2czenas
000797573 655 7 L $$adivadelní programy$$7fd132033$$2czenas
000797573 655 7 L $$ačeská dramata$$7fd133957$$2czenas
000797573 7001  L $$aMedek, Rudolf,$$d1890-1940$$7jk01081030$$4aut
000797573 7001  L $$aHavelka, Jiří,$$d1980-$$7js20060203026$$4drt
000797573 7001  L $$aLjubková, Marta,$$d1975-$$7js20050523011$$4cre
000797573 7102  L $$aNárodní divadlo v Praze.$$bČinohra$$7kn20010709462$$4pbl$$4prf
000797573 7102  L $$aNárodní divadlo v Praze.$$bNová scéna$$7mzk2010602291$$4orm
000797573 910   L $$aPNA001$$b31B88240
000821883 LDR   L -----nam-a22-----1a-4500
