000821883 FMT   L BK
000821883 001   L 000821883
000821883 003   L CZ-PlERL
000821883 005   L 20200313104039.0
000821883 008   L 200313s1947----xr-----e------------cze--
000821883 020   L $$q(Brož.) :$$cKčs 35,00
000821883 035   L $$a(OCoLC)85423779
000821883 040   L $$aPNA001$$bcze
000821883 043   L $$ae-xr---$$be-xr-mo$$2czenas
000821883 072 7 L $$a94(437)$$xDějiny Česka a Slovenska$$2Konspekt$$98
000821883 080   L $$a94(437.326)$$2MRF
000821883 080   L $$a908(437.326)$$2MRF
000821883 080   L $$a(049)$$2MRF
000821883 1001  L $$aBosák, František,$$d1922-2009$$7jk01012739$$4aut
000821883 24510 L $$aDějiny města Frýdlantu n. Ostr. ve stručném přehledu /$$cFrantišek Bosák
000821883 24633 L $$aDějiny města Frýdlantu nad Ostravicí ve stručném přehledu
000821883 250   L $$a1. vyd.
000821883 260   L $$aFrýdlant nad Ostravicí :$$bMístní rada osvětová,$$c1947$$e(ve Frýdku :$$fJan Richter)
000821883 300   L $$a61, [ii] s. :$$bil. ;$$c22 cm
000821883 65007 L $$avlastivěda$$7ph137666$$zČesko$$2czenas
000821883 651 7 L $$aFrýdlant nad Ostravicí (Česko)$$7ge129167$$xdějiny$$2czenas
000821883 655 7 L $$astati$$7fd133586$$2czenas
000821883 910   L $$aPNA001$$b150615$$kr
000448513 LDR   L -----nam-a22-------r4500
