000448513 FMT   L RP
000448513 001   L 000448513
000448513 003   L CZ-PlERL
000448513 005   L 20090302155237.0
000448513 008   L 090302s1720----gw-----e------------ger--
000448513 040   L $$aPNA001$$bcze$$eAACR2/DCRB
000448513 072 7 L $$a094$$xStaré tisky$$2Konspekt$$912
000448513 072 7 L $$a94(100)$$xSvětové dějiny$$2Konspekt$$98
000448513 1001  L $$aBussières, Jean de,$$d1607-1678$$7ola2009487965$$4aut
000448513 24510 L $$aFlosculi historiarum delibati, nunc denuo recogniti, & multo locupletiores exornati, sive, Historia universalis, tam sacra quam profana :$$brerum ab orbe condito memorabilium ubique ferè terrarum ... ad nostra usque tempora, & annum M.D.CC.XIX. /$$cà Joanne de Bussiers, Soc. Jesu inchoata, & ab anonymo ultra dimidium hac ed. continuata & aucta ; Accessit series et successio Romanorum Pontificum ...
000448513 24630 L $$aHistoria universalis, tam sacra quam profana
000448513 250   L $$aEd. novissima
000448513 260   L $$aColoniae Agrippinae :$$bapud Franciscum Metternich, ...,$$c1720
000448513 300   L $$a[8], 922, [42] s. , [1] obr. příl. ;$$c8° (18cm)
000448513 500   L $$aNa příloze mědirytový poloportrét, Christoph August Graf von Wackerbarth, signováno Mentzel sc. Lips.$$5CZ-PlERL
000448513 5103  L $$aKarlsruher virtueller Katalog
000448513 561   L $$aNa předtit. s. bílá pečet s textem Sigillum domicil... Sacrae Monte, uprostřed Panna Maria s Ježíškem$$5CZ-PlERL
000448513 562   L $$aPapír tisku silně nahnědlý, foxing$$5CZ-PlERL
000448513 563   L $$aLepenkové desky potažené včetně hřbetu hnědou usní, potah v rozích desek prodřený, hřbet vázán na 4 vazy, při záhlaví a zápatí potah poškozený, horní kapitálek poškozený, při okrajích desek a kol vazů zlacené linky, ve 2. poli shora hnědý štítek s údaji o tisku, ořízka původně červená, přední přídeští chybí$$5CZ-PlERL
000448513 650 7 L $$asvětové dějiny$$7ph117271$$ydo r. 1719$$2czenas
000448513 7001  L $$aMetternich, Franz,$$d1660-1737$$7ola2009531363$$4pbl
000448513 7001  L $$aMentzel$$4egr
000448513 7102  L $$aKatolická církev.$$bPoutní místo Svatá Hora (Česko)$$4fmo
000448513 852   L $$aCZ-PlERL$$j21P168
000448513 910   L $$aPNA001$$b21P168
000448513 984   L $$aKolín nad Rýnem$$bNěmecko
000560675 LDR   L -----nam-a22------a-4500
