000560675 FMT   L BK
000560675 001   L 000560675
000560675 003   L CZ-PlERL
000560675 005   L 20111019155259.0
000560675 008   L 111019s1948----ru-----e------------rus--
000560675 040   L $$aPNA001$$bcze
000560675 080   L $$a398.21(=161.1)$$2MRF
000560675 080   L $$a821.161.1-34$$2MRF
000560675 080   L $$a(048.8)$$2MRF
000560675 24500 L $$aOnežskije byliny /$$cpodbor bylin i naučnaja redakcija tekstov Ju. M. Sokolova
000560675 260   L $$aMoskva :$$bIzdatel'stvo gosudarstvennogo literaturnogo muzeja,$$c1948
000560675 300   L $$a937 s. :$$bil., portréty
000560675 4900  L $$aLetopisi ;$$vkniga 13
000560675 6530  L $$aruské byliny
000560675 60017 L $$aSokolov, Jurij Matvejevič,$$d1889-1941$$7jx20041102006$$2czenas
000560675 60017 L $$aSokolov, Boris Matvejevič,$$d1889-1930$$7jn20010420006$$2czenas
000560675 7001  L $$aSokolov, Jurij Matvejevič,$$d1889-1941$$7jx20041102006$$4edt
000560675 7102  L $$aGosudarstvennyj literaturnyj muzej$$7kn20130528009
000560675 830 0 L $$aLetopisi
000560675 910   L $$aPNA001$$bIIID3150$$kr-dod